<record xmlns='http://www.loc.gov/MARC21/slim'><leader>01767cim a22004092u 4500</leader><controlfield tag='001'>3602413</controlfield><controlfield tag='005'>20151214183124.0</controlfield><controlfield tag='007'>ss|lmnjluz|nuu</controlfield><controlfield tag='008'>991101s1989    nyunnn         l    eng d</controlfield><datafield ind1=' ' ind2=' ' tag='035'><subfield code='a'>(NIC)notisASF9478</subfield></datafield><datafield ind1=' ' ind2=' ' tag='035'><subfield code='a'>3602413</subfield></datafield><datafield ind1=' ' ind2=' ' tag='035'><subfield code='a'>(OCoLC)63899335</subfield></datafield><datafield ind1=' ' ind2=' ' tag='040'><subfield code='a'>NIC</subfield><subfield code='c'>NIC</subfield><subfield code='d'>NIC</subfield><subfield code='d'>NIC</subfield></datafield><datafield ind1='1' ind2=' ' tag='100'><subfield code='a'>Farrakhan, Louis.</subfield></datafield><datafield ind1='1' ind2='0' tag='245'><subfield code='a'>Student activism in light of the Willard Straight Takeover</subfield><subfield code='h'>[sound recording]</subfield></datafield><datafield ind1=' ' ind2=' ' tag='260'><subfield code='c'>1989.</subfield></datafield><datafield ind1=' ' ind2=' ' tag='300'><subfield code='a'>4 sound cassettes :</subfield><subfield code='b'>analog, mono.</subfield></datafield><datafield ind1=' ' ind2=' ' tag='500'><subfield code='a'>Recorded in Ithaca, NY by Cornell University.</subfield></datafield><datafield ind1=' ' ind2=' ' tag='500'><subfield code='a'>Sponsored by: Ujamaa Residential College,State of Black America.</subfield></datafield><datafield ind1=' ' ind2=' ' tag='500'><subfield code='a'>Speaker(s): Leader of the Nation of Islam.</subfield></datafield><datafield ind1=' ' ind2=' ' tag='518'><subfield code='a'>Lecture, April 21, 1989.</subfield></datafield><datafield ind1=' ' ind2=' ' tag='520'><subfield code='a'>Louis Farrakhan discusses issues related to freedom of speech, racism in America, the legitimacy of the use of violence for principles of liberty, the problems in American education, the origins of Black civilization, and many other diverse topics.  He also answers accusations that he is a hatemonger or an anti-Semite.</subfield></datafield><datafield ind1=' ' ind2='0' tag='650'><subfield code='a'>Race relations</subfield><subfield code='z'>United States.</subfield></datafield><datafield ind1=' ' ind2='0' tag='650'><subfield code='a'>Racism</subfield><subfield code='z'>United States</subfield><subfield code='x'>History.</subfield></datafield><datafield ind1='1' ind2='0' tag='600'><subfield code='a'>Farrakhan, Louis.</subfield></datafield><datafield ind1=' ' ind2='0' tag='650'><subfield code='a'>Black power</subfield><subfield code='z'>United States</subfield><subfield code='x'>History.</subfield></datafield><datafield ind1=' ' ind2='0' tag='650'><subfield code='a'>Black race</subfield><subfield code='x'>History.</subfield></datafield><datafield ind1='1' ind2='7' tag='600'><subfield code='a'>Farrakhan, Louis</subfield><subfield code='2'>fast</subfield><subfield code='0'>(OCoLC)fst00179743</subfield></datafield><datafield ind1=' ' ind2='7' tag='650'><subfield code='a'>Black power</subfield><subfield code='2'>fast</subfield><subfield code='0'>(OCoLC)fst00833747</subfield></datafield><datafield ind1=' ' ind2='7' tag='650'><subfield code='a'>Black race</subfield><subfield code='2'>fast</subfield><subfield code='0'>(OCoLC)fst00833751</subfield></datafield><datafield ind1=' ' ind2='7' tag='650'><subfield code='a'>Race relations</subfield><subfield code='2'>fast</subfield><subfield code='0'>(OCoLC)fst01086509</subfield></datafield><datafield ind1=' ' ind2='7' tag='650'><subfield code='a'>Racism</subfield><subfield code='2'>fast</subfield><subfield code='0'>(OCoLC)fst01086616</subfield></datafield><datafield ind1=' ' ind2='7' tag='651'><subfield code='a'>United States</subfield><subfield code='2'>fast</subfield><subfield code='0'>(OCoLC)fst01204155</subfield></datafield><datafield ind1=' ' ind2='7' tag='655'><subfield code='a'>History</subfield><subfield code='2'>fast</subfield><subfield code='0'>(OCoLC)fst01411628</subfield></datafield><datafield ind1='1' ind2=' ' tag='899'><subfield code='a'>CULectures</subfield></datafield><datafield ind1=' ' ind2=' ' tag='905'><subfield code='a'>20000328120000.0</subfield></datafield><datafield ind1='2' ind2=' ' tag='948'><subfield code='a'>20141221</subfield><subfield code='b'>m</subfield><subfield code='d'>batch</subfield><subfield code='e'>lts</subfield><subfield code='x'>addfast</subfield></datafield></record>